%YAML 1.1
%TAG !u! tag:unity3d.com,2011:
--- !u!1 &8048790064112848900
GameObject:
  m_ObjectHideFlags: 0
  m_CorrespondingSourceObject: {fileID: 0}
  m_PrefabInstance: {fileID: 0}
  m_PrefabAsset: {fileID: 0}
  serializedVersion: 6
  m_Component:
  - component: {fileID: 2709396980116504151}
  m_Layer: 0
  m_Name: SingleCamera
  m_TagString: Untagged
  m_Icon: {fileID: 0}
  m_NavMeshLayer: 0
  m_StaticEditorFlags: 0
  m_IsActive: 1
--- !u!4 &2709396980116504151
Transform:
  m_ObjectHideFlags: 0
  m_CorrespondingSourceObject: {fileID: 0}
  m_PrefabInstance: {fileID: 0}
  m_PrefabAsset: {fileID: 0}
  m_GameObject: {fileID: 8048790064112848900}
  m_LocalRotation: {x: 0, y: 0, z: 0, w: 1}
  m_LocalPosition: {x: 38, y: 5.6, z: 0}
  m_LocalScale: {x: 1, y: 1, z: 1}
  m_Children:
  - {fileID: 8455669423797840081}
  - {fileID: 4946185105352769971}
  - {fileID: 1691571562665558658}
  - {fileID: 3198147816792380778}
  - {fileID: 837171551381749981}
  m_Father: {fileID: 0}
  m_RootOrder: 0
  m_LocalEulerAnglesHint: {x: 0, y: 0, z: 0}
--- !u!1001 &879590459016940491
PrefabInstance:
  m_ObjectHideFlags: 0
  serializedVersion: 2
  m_Modification:
    m_TransformParent: {fileID: 2709396980116504151}
    m_Modifications:
    - target: {fileID: 5228837467194804856, guid: bc975ecbae924a34983db84470a5b438,
        type: 3}
      propertyPath: m_RootOrder
      value: 1
      objectReference: {fileID: 0}
    - target: {fileID: 5228837467194804856, guid: bc975ecbae924a34983db84470a5b438,
        type: 3}
      propertyPath: m_LocalPosition.x
      value: -0.86
      objectReference: {fileID: 0}
    - target: {fileID: 5228837467194804856, guid: bc975ecbae924a34983db84470a5b438,
        type: 3}
      propertyPath: m_LocalPosition.y
      value: -5.06
      objectReference: {fileID: 0}
    - target: {fileID: 5228837467194804856, guid: bc975ecbae924a34983db84470a5b438,
        type: 3}
      propertyPath: m_LocalPosition.z
      value: 0
      objectReference: {fileID: 0}
    - target: {fileID: 5228837467194804856, guid: bc975ecbae924a34983db84470a5b438,
        type: 3}
      propertyPath: m_LocalRotation.w
      value: 0
      objectReference: {fileID: 0}
    - target: {fileID: 5228837467194804856, guid: bc975ecbae924a34983db84470a5b438,
        type: 3}
      propertyPath: m_LocalRotation.x
      value: 0
      objectReference: {fileID: 0}
    - target: {fileID: 5228837467194804856, guid: bc975ecbae924a34983db84470a5b438,
        type: 3}
      propertyPath: m_LocalRotation.y
      value: 0
      objectReference: {fileID: 0}
    - target: {fileID: 5228837467194804856, guid: bc975ecbae924a34983db84470a5b438,
        type: 3}
      propertyPath: m_LocalRotation.z
      value: 1
      objectReference: {fileID: 0}
    - target: {fileID: 5228837467194804856, guid: bc975ecbae924a34983db84470a5b438,
        type: 3}
      propertyPath: m_LocalEulerAnglesHint.x
      value: 0
      objectReference: {fileID: 0}
    - target: {fileID: 5228837467194804856, guid: bc975ecbae924a34983db84470a5b438,
        type: 3}
      propertyPath: m_LocalEulerAnglesHint.y
      value: 0
      objectReference: {fileID: 0}
    - target: {fileID: 5228837467194804856, guid: bc975ecbae924a34983db84470a5b438,
        type: 3}
      propertyPath: m_LocalEulerAnglesHint.z
      value: 180
      objectReference: {fileID: 0}
    - target: {fileID: 5228837467194804858, guid: bc975ecbae924a34983db84470a5b438,
        type: 3}
      propertyPath: m_Name
      value: "\u0441\u0442\u0435\u043D\u04301 (1)"
      objectReference: {fileID: 0}
    m_RemovedComponents: []
  m_SourcePrefab: {fileID: 100100000, guid: bc975ecbae924a34983db84470a5b438, type: 3}
--- !u!4 &4946185105352769971 stripped
Transform:
  m_CorrespondingSourceObject: {fileID: 5228837467194804856, guid: bc975ecbae924a34983db84470a5b438,
    type: 3}
  m_PrefabInstance: {fileID: 879590459016940491}
  m_PrefabAsset: {fileID: 0}
--- !u!1001 &4451840613494317737
PrefabInstance:
  m_ObjectHideFlags: 0
  serializedVersion: 2
  m_Modification:
    m_TransformParent: {fileID: 2709396980116504151}
    m_Modifications:
    - target: {fileID: 5228837467194804856, guid: bc975ecbae924a34983db84470a5b438,
        type: 3}
      propertyPath: m_RootOrder
      value: 0
      objectReference: {fileID: 0}
    - target: {fileID: 5228837467194804856, guid: bc975ecbae924a34983db84470a5b438,
        type: 3}
      propertyPath: m_LocalPosition.x
      value: -6
      objectReference: {fileID: 0}
    - target: {fileID: 5228837467194804856, guid: bc975ecbae924a34983db84470a5b438,
        type: 3}
      propertyPath: m_LocalPosition.y
      value: -7
      objectReference: {fileID: 0}
    - target: {fileID: 5228837467194804856, guid: bc975ecbae924a34983db84470a5b438,
        type: 3}
      propertyPath: m_LocalPosition.z
      value: 0
      objectReference: {fileID: 0}
    - target: {fileID: 5228837467194804856, guid: bc975ecbae924a34983db84470a5b438,
        type: 3}
      propertyPath: m_LocalRotation.w
      value: 1
      objectReference: {fileID: 0}
    - target: {fileID: 5228837467194804856, guid: bc975ecbae924a34983db84470a5b438,
        type: 3}
      propertyPath: m_LocalRotation.x
      value: 0
      objectReference: {fileID: 0}
    - target: {fileID: 5228837467194804856, guid: bc975ecbae924a34983db84470a5b438,
        type: 3}
      propertyPath: m_LocalRotation.y
      value: 0
      objectReference: {fileID: 0}
    - target: {fileID: 5228837467194804856, guid: bc975ecbae924a34983db84470a5b438,
        type: 3}
      propertyPath: m_LocalRotation.z
      value: 0
      objectReference: {fileID: 0}
    - target: {fileID: 5228837467194804856, guid: bc975ecbae924a34983db84470a5b438,
        type: 3}
      propertyPath: m_LocalEulerAnglesHint.x
      value: 0
      objectReference: {fileID: 0}
    - target: {fileID: 5228837467194804856, guid: bc975ecbae924a34983db84470a5b438,
        type: 3}
      propertyPath: m_LocalEulerAnglesHint.y
      value: 0
      objectReference: {fileID: 0}
    - target: {fileID: 5228837467194804856, guid: bc975ecbae924a34983db84470a5b438,
        type: 3}
      propertyPath: m_LocalEulerAnglesHint.z
      value: 0
      objectReference: {fileID: 0}
    - target: {fileID: 5228837467194804858, guid: bc975ecbae924a34983db84470a5b438,
        type: 3}
      propertyPath: m_Name
      value: "\u0441\u0442\u0435\u043D\u04301"
      objectReference: {fileID: 0}
    m_RemovedComponents: []
  m_SourcePrefab: {fileID: 100100000, guid: bc975ecbae924a34983db84470a5b438, type: 3}
--- !u!4 &8455669423797840081 stripped
Transform:
  m_CorrespondingSourceObject: {fileID: 5228837467194804856, guid: bc975ecbae924a34983db84470a5b438,
    type: 3}
  m_PrefabInstance: {fileID: 4451840613494317737}
  m_PrefabAsset: {fileID: 0}
--- !u!1001 &4831998385119185573
PrefabInstance:
  m_ObjectHideFlags: 0
  serializedVersion: 2
  m_Modification:
    m_TransformParent: {fileID: 2709396980116504151}
    m_Modifications:
    - target: {fileID: 5228837467194804856, guid: bc975ecbae924a34983db84470a5b438,
        type: 3}
      propertyPath: m_RootOrder
      value: 4
      objectReference: {fileID: 0}
    - target: {fileID: 5228837467194804856, guid: bc975ecbae924a34983db84470a5b438,
        type: 3}
      propertyPath: m_LocalPosition.x
      value: 0
      objectReference: {fileID: 0}
    - target: {fileID: 5228837467194804856, guid: bc975ecbae924a34983db84470a5b438,
        type: 3}
      propertyPath: m_LocalPosition.y
      value: -10
      objectReference: {fileID: 0}
    - target: {fileID: 5228837467194804856, guid: bc975ecbae924a34983db84470a5b438,
        type: 3}
      propertyPath: m_LocalPosition.z
      value: 0
      objectReference: {fileID: 0}
    - target: {fileID: 5228837467194804856, guid: bc975ecbae924a34983db84470a5b438,
        type: 3}
      propertyPath: m_LocalRotation.w
      value: -0.7071068
      objectReference: {fileID: 0}
    - target: {fileID: 5228837467194804856, guid: bc975ecbae924a34983db84470a5b438,
        type: 3}
      propertyPath: m_LocalRotation.x
      value: 0
      objectReference: {fileID: 0}
    - target: {fileID: 5228837467194804856, guid: bc975ecbae924a34983db84470a5b438,
        type: 3}
      propertyPath: m_LocalRotation.y
      value: -0
      objectReference: {fileID: 0}
    - target: {fileID: 5228837467194804856, guid: bc975ecbae924a34983db84470a5b438,
        type: 3}
      propertyPath: m_LocalRotation.z
      value: 0.7071068
      objectReference: {fileID: 0}
    - target: {fileID: 5228837467194804856, guid: bc975ecbae924a34983db84470a5b438,
        type: 3}
      propertyPath: m_LocalEulerAnglesHint.x
      value: 0
      objectReference: {fileID: 0}
    - target: {fileID: 5228837467194804856, guid: bc975ecbae924a34983db84470a5b438,
        type: 3}
      propertyPath: m_LocalEulerAnglesHint.y
      value: 0
      objectReference: {fileID: 0}
    - target: {fileID: 5228837467194804856, guid: bc975ecbae924a34983db84470a5b438,
        type: 3}
      propertyPath: m_LocalEulerAnglesHint.z
      value: 270
      objectReference: {fileID: 0}
    - target: {fileID: 5228837467194804858, guid: bc975ecbae924a34983db84470a5b438,
        type: 3}
      propertyPath: m_Name
      value: "\u0441\u0442\u0435\u043D\u04301 (3)"
      objectReference: {fileID: 0}
    m_RemovedComponents: []
  m_SourcePrefab: {fileID: 100100000, guid: bc975ecbae924a34983db84470a5b438, type: 3}
--- !u!4 &837171551381749981 stripped
Transform:
  m_CorrespondingSourceObject: {fileID: 5228837467194804856, guid: bc975ecbae924a34983db84470a5b438,
    type: 3}
  m_PrefabInstance: {fileID: 4831998385119185573}
  m_PrefabAsset: {fileID: 0}
--- !u!1001 &6911095401591539962
PrefabInstance:
  m_ObjectHideFlags: 0
  serializedVersion: 2
  m_Modification:
    m_TransformParent: {fileID: 2709396980116504151}
    m_Modifications:
    - target: {fileID: 5228837467194804856, guid: bc975ecbae924a34983db84470a5b438,
        type: 3}
      propertyPath: m_RootOrder
      value: 2
      objectReference: {fileID: 0}
    - target: {fileID: 5228837467194804856, guid: bc975ecbae924a34983db84470a5b438,
        type: 3}
      propertyPath: m_LocalPosition.x
      value: -4
      objectReference: {fileID: 0}
    - target: {fileID: 5228837467194804856, guid: bc975ecbae924a34983db84470a5b438,
        type: 3}
      propertyPath: m_LocalPosition.y
      value: -10
      objectReference: {fileID: 0}
    - target: {fileID: 5228837467194804856, guid: bc975ecbae924a34983db84470a5b438,
        type: 3}
      propertyPath: m_LocalPosition.z
      value: 0
      objectReference: {fileID: 0}
    - target: {fileID: 5228837467194804856, guid: bc975ecbae924a34983db84470a5b438,
        type: 3}
      propertyPath: m_LocalRotation.w
      value: -0.7071068
      objectReference: {fileID: 0}
    - target: {fileID: 5228837467194804856, guid: bc975ecbae924a34983db84470a5b438,
        type: 3}
      propertyPath: m_LocalRotation.x
      value: 0
      objectReference: {fileID: 0}
    - target: {fileID: 5228837467194804856, guid: bc975ecbae924a34983db84470a5b438,
        type: 3}
      propertyPath: m_LocalRotation.y
      value: -0
      objectReference: {fileID: 0}
    - target: {fileID: 5228837467194804856, guid: bc975ecbae924a34983db84470a5b438,
        type: 3}
      propertyPath: m_LocalRotation.z
      value: 0.7071068
      objectReference: {fileID: 0}
    - target: {fileID: 5228837467194804856, guid: bc975ecbae924a34983db84470a5b438,
        type: 3}
      propertyPath: m_LocalEulerAnglesHint.x
      value: 0
      objectReference: {fileID: 0}
    - target: {fileID: 5228837467194804856, guid: bc975ecbae924a34983db84470a5b438,
        type: 3}
      propertyPath: m_LocalEulerAnglesHint.y
      value: 0
      objectReference: {fileID: 0}
    - target: {fileID: 5228837467194804856, guid: bc975ecbae924a34983db84470a5b438,
        type: 3}
      propertyPath: m_LocalEulerAnglesHint.z
      value: 270
      objectReference: {fileID: 0}
    - target: {fileID: 5228837467194804858, guid: bc975ecbae924a34983db84470a5b438,
        type: 3}
      propertyPath: m_Name
      value: "\u0441\u0442\u0435\u043D\u04301 (2)"
      objectReference: {fileID: 0}
    m_RemovedComponents: []
  m_SourcePrefab: {fileID: 100100000, guid: bc975ecbae924a34983db84470a5b438, type: 3}
--- !u!4 &1691571562665558658 stripped
Transform:
  m_CorrespondingSourceObject: {fileID: 5228837467194804856, guid: bc975ecbae924a34983db84470a5b438,
    type: 3}
  m_PrefabInstance: {fileID: 6911095401591539962}
  m_PrefabAsset: {fileID: 0}
--- !u!1001 &9149679922462609725
PrefabInstance:
  m_ObjectHideFlags: 0
  serializedVersion: 2
  m_Modification:
    m_TransformParent: {fileID: 2709396980116504151}
    m_Modifications:
    - target: {fileID: 814064298313017168, guid: fb22b2d36297bcb4ebcfe73bee943cc6,
        type: 3}
      propertyPath: m_Name
      value: "\u043A\u043E\u0439\u043A\u0430"
      objectReference: {fileID: 0}
    - target: {fileID: 5951554286393590871, guid: fb22b2d36297bcb4ebcfe73bee943cc6,
        type: 3}
      propertyPath: m_RootOrder
      value: 3
      objectReference: {fileID: 0}
    - target: {fileID: 5951554286393590871, guid: fb22b2d36297bcb4ebcfe73bee943cc6,
        type: 3}
      propertyPath: m_LocalPosition.x
      value: -3.53
      objectReference: {fileID: 0}
    - target: {fileID: 5951554286393590871, guid: fb22b2d36297bcb4ebcfe73bee943cc6,
        type: 3}
      propertyPath: m_LocalPosition.y
      value: -6.1758294
      objectReference: {fileID: 0}
    - target: {fileID: 5951554286393590871, guid: fb22b2d36297bcb4ebcfe73bee943cc6,
        type: 3}
      propertyPath: m_LocalPosition.z
      value: 0
      objectReference: {fileID: 0}
    - target: {fileID: 5951554286393590871, guid: fb22b2d36297bcb4ebcfe73bee943cc6,
        type: 3}
      propertyPath: m_LocalRotation.w
      value: 1
      objectReference: {fileID: 0}
    - target: {fileID: 5951554286393590871, guid: fb22b2d36297bcb4ebcfe73bee943cc6,
        type: 3}
      propertyPath: m_LocalRotation.x
      value: -0
      objectReference: {fileID: 0}
    - target: {fileID: 5951554286393590871, guid: fb22b2d36297bcb4ebcfe73bee943cc6,
        type: 3}
      propertyPath: m_LocalRotation.y
      value: -0
      objectReference: {fileID: 0}
    - target: {fileID: 5951554286393590871, guid: fb22b2d36297bcb4ebcfe73bee943cc6,
        type: 3}
      propertyPath: m_LocalRotation.z
      value: -0
      objectReference: {fileID: 0}
    - target: {fileID: 5951554286393590871, guid: fb22b2d36297bcb4ebcfe73bee943cc6,
        type: 3}
      propertyPath: m_LocalEulerAnglesHint.x
      value: 0
      objectReference: {fileID: 0}
    - target: {fileID: 5951554286393590871, guid: fb22b2d36297bcb4ebcfe73bee943cc6,
        type: 3}
      propertyPath: m_LocalEulerAnglesHint.y
      value: 0
      objectReference: {fileID: 0}
    - target: {fileID: 5951554286393590871, guid: fb22b2d36297bcb4ebcfe73bee943cc6,
        type: 3}
      propertyPath: m_LocalEulerAnglesHint.z
      value: 0
      objectReference: {fileID: 0}
    m_RemovedComponents: []
  m_SourcePrefab: {fileID: 100100000, guid: fb22b2d36297bcb4ebcfe73bee943cc6, type: 3}
--- !u!4 &3198147816792380778 stripped
Transform:
  m_CorrespondingSourceObject: {fileID: 5951554286393590871, guid: fb22b2d36297bcb4ebcfe73bee943cc6,
    type: 3}
  m_PrefabInstance: {fileID: 9149679922462609725}
  m_PrefabAsset: {fileID: 0}
