%YAML 1.1
%TAG !u! tag:unity3d.com,2011:
--- !u!114 &-8153978515064787644
MonoBehaviour:
  m_ObjectHideFlags: 0
  m_CorrespondingSourceObject: {fileID: 0}
  m_PrefabInstance: {fileID: 0}
  m_PrefabAsset: {fileID: 0}
  m_GameObject: {fileID: 0}
  m_Enabled: 1
  m_EditorHideFlags: 0
  m_Script: {fileID: 11500000, guid: 2d6765ffb45238d40af2c4868c8c7332, type: 3}
  m_Name: Story Marks Check
  m_EditorClassIdentifier: 
  graph: {fileID: 11400000}
  position: {x: -136, y: 56}
  ports:
    keys:
    - pass
    - fail
    - input
    - output
    values:
    - _fieldName: pass
      _node: {fileID: -8153978515064787644}
      _typeQualifiedName: DialogueBaseNode, Assembly-CSharp, Version=0.0.0.0, Culture=neutral,
        PublicKeyToken=null
      connections:
      - fieldName: input
        node: {fileID: -3498829701924795984}
        reroutePoints: []
      _direction: 1
      _connectionType: 0
      _typeConstraint: 0
      _dynamic: 0
    - _fieldName: fail
      _node: {fileID: -8153978515064787644}
      _typeQualifiedName: DialogueBaseNode, Assembly-CSharp, Version=0.0.0.0, Culture=neutral,
        PublicKeyToken=null
      connections:
      - fieldName: input
        node: {fileID: 6723732098039778958}
        reroutePoints: []
      _direction: 1
      _connectionType: 0
      _typeConstraint: 0
      _dynamic: 0
    - _fieldName: input
      _node: {fileID: -8153978515064787644}
      _typeQualifiedName: DialogueBaseNode, Assembly-CSharp, Version=0.0.0.0, Culture=neutral,
        PublicKeyToken=null
      connections:
      - fieldName: pass
        node: {fileID: -4993673950952149948}
        reroutePoints: []
      _direction: 0
      _connectionType: 0
      _typeConstraint: 0
      _dynamic: 0
    - _fieldName: output
      _node: {fileID: -8153978515064787644}
      _typeQualifiedName: DialogueBaseNode, Assembly-CSharp, Version=0.0.0.0, Culture=neutral,
        PublicKeyToken=null
      connections: []
      _direction: 1
      _connectionType: 1
      _typeConstraint: 0
      _dynamic: 0
  input: {fileID: 0}
  output: {fileID: 0}
  pass: {fileID: 0}
  fail: {fileID: 0}
  RequiredMarks: []
  ForbiddenMarks:
  - ReceiveDay1ArenaReward
--- !u!114 &-4993673950952149948
MonoBehaviour:
  m_ObjectHideFlags: 0
  m_CorrespondingSourceObject: {fileID: 0}
  m_PrefabInstance: {fileID: 0}
  m_PrefabAsset: {fileID: 0}
  m_GameObject: {fileID: 0}
  m_Enabled: 1
  m_EditorHideFlags: 0
  m_Script: {fileID: 11500000, guid: 2d6765ffb45238d40af2c4868c8c7332, type: 3}
  m_Name: Story Marks Check
  m_EditorClassIdentifier: 
  graph: {fileID: 11400000}
  position: {x: -392, y: 72}
  ports:
    keys:
    - pass
    - fail
    - input
    - output
    values:
    - _fieldName: pass
      _node: {fileID: -4993673950952149948}
      _typeQualifiedName: DialogueBaseNode, Assembly-CSharp, Version=0.0.0.0, Culture=neutral,
        PublicKeyToken=null
      connections:
      - fieldName: input
        node: {fileID: -8153978515064787644}
        reroutePoints: []
      _direction: 1
      _connectionType: 0
      _typeConstraint: 0
      _dynamic: 0
    - _fieldName: fail
      _node: {fileID: -4993673950952149948}
      _typeQualifiedName: DialogueBaseNode, Assembly-CSharp, Version=0.0.0.0, Culture=neutral,
        PublicKeyToken=null
      connections:
      - fieldName: input
        node: {fileID: -4612730628089873485}
        reroutePoints: []
      _direction: 1
      _connectionType: 0
      _typeConstraint: 0
      _dynamic: 0
    - _fieldName: input
      _node: {fileID: -4993673950952149948}
      _typeQualifiedName: DialogueBaseNode, Assembly-CSharp, Version=0.0.0.0, Culture=neutral,
        PublicKeyToken=null
      connections:
      - fieldName: output
        node: {fileID: 8695453492837756297}
        reroutePoints: []
      _direction: 0
      _connectionType: 0
      _typeConstraint: 0
      _dynamic: 0
    - _fieldName: output
      _node: {fileID: -4993673950952149948}
      _typeQualifiedName: DialogueBaseNode, Assembly-CSharp, Version=0.0.0.0, Culture=neutral,
        PublicKeyToken=null
      connections: []
      _direction: 1
      _connectionType: 1
      _typeConstraint: 0
      _dynamic: 0
  input: {fileID: 0}
  output: {fileID: 0}
  pass: {fileID: 0}
  fail: {fileID: 0}
  RequiredMarks: []
  ForbiddenMarks:
  - FullForReward
--- !u!114 &-4612730628089873485
MonoBehaviour:
  m_ObjectHideFlags: 0
  m_CorrespondingSourceObject: {fileID: 0}
  m_PrefabInstance: {fileID: 0}
  m_PrefabAsset: {fileID: 0}
  m_GameObject: {fileID: 0}
  m_Enabled: 1
  m_EditorHideFlags: 0
  m_Script: {fileID: 11500000, guid: 4423e81b85e03f14ca05d54bd7375d14, type: 3}
  m_Name: Message
  m_EditorClassIdentifier: 
  graph: {fileID: 11400000}
  position: {x: -104, y: 344}
  ports:
    keys:
    - input
    - output
    values:
    - _fieldName: input
      _node: {fileID: -4612730628089873485}
      _typeQualifiedName: DialogueBaseNode, Assembly-CSharp, Version=0.0.0.0, Culture=neutral,
        PublicKeyToken=null
      connections:
      - fieldName: fail
        node: {fileID: -4993673950952149948}
        reroutePoints: []
      _direction: 0
      _connectionType: 0
      _typeConstraint: 0
      _dynamic: 0
    - _fieldName: output
      _node: {fileID: -4612730628089873485}
      _typeQualifiedName: DialogueBaseNode, Assembly-CSharp, Version=0.0.0.0, Culture=neutral,
        PublicKeyToken=null
      connections:
      - fieldName: input
        node: {fileID: -3498829701924795984}
        reroutePoints: []
      _direction: 1
      _connectionType: 1
      _typeConstraint: 0
      _dynamic: 0
  input: {fileID: 0}
  output: {fileID: 0}
  ActorName: Guard
  message: "\u041D\u0443 \u0447\u0442\u043E, \u043E\u043F\u0443\u0441\u0442\u043E\u0448\u0438\u043B
    \u043A\u0430\u0440\u043C\u0430\u043D\u044B?"
  trans:
    translations: []
--- !u!114 &-3565437542925207146
MonoBehaviour:
  m_ObjectHideFlags: 0
  m_CorrespondingSourceObject: {fileID: 0}
  m_PrefabInstance: {fileID: 0}
  m_PrefabAsset: {fileID: 0}
  m_GameObject: {fileID: 0}
  m_Enabled: 1
  m_EditorHideFlags: 0
  m_Script: {fileID: 11500000, guid: 4423e81b85e03f14ca05d54bd7375d14, type: 3}
  m_Name: Message
  m_EditorClassIdentifier: 
  graph: {fileID: 11400000}
  position: {x: 664, y: -104}
  ports:
    keys:
    - input
    - output
    values:
    - _fieldName: input
      _node: {fileID: -3565437542925207146}
      _typeQualifiedName: DialogueBaseNode, Assembly-CSharp, Version=0.0.0.0, Culture=neutral,
        PublicKeyToken=null
      connections:
      - fieldName: pass
        node: {fileID: 1640105731664445147}
        reroutePoints: []
      _direction: 0
      _connectionType: 0
      _typeConstraint: 0
      _dynamic: 0
    - _fieldName: output
      _node: {fileID: -3565437542925207146}
      _typeQualifiedName: DialogueBaseNode, Assembly-CSharp, Version=0.0.0.0, Culture=neutral,
        PublicKeyToken=null
      connections:
      - fieldName: input
        node: {fileID: 3570399855427578709}
        reroutePoints: []
      _direction: 1
      _connectionType: 1
      _typeConstraint: 0
      _dynamic: 0
  input: {fileID: 0}
  output: {fileID: 0}
  ActorName: Guard
  message: "\u0422\u0440\u0430\u0442\u044C \u0434\u0435\u043D\u044C\u0433\u0438 \u0441
    \u0443\u043C\u043E\u043C. \u0417\u0430\u0432\u0442\u0440\u0430 \u0443 \u0442\u0435\u0431\u044F
    \u0431\u0443\u0434\u0435\u0442 \u043D\u043E\u0432\u044B\u0439 \u0431\u043E\u0439,
    \u0438 \u043B\u0443\u0447\u0448\u0435 \u0431\u044B \u0442\u0435\u0431\u0435 \u043A
    \u043D\u0435\u043C\u0443 \u0445\u043E\u0440\u043E\u0448\u043E \u043F\u043E\u0434\u0433\u043E\u0442\u043E\u0432\u0438\u0442\u044C\u0441\u044F."
  trans:
    translations: []
--- !u!114 &-3498829701924795984
MonoBehaviour:
  m_ObjectHideFlags: 0
  m_CorrespondingSourceObject: {fileID: 0}
  m_PrefabInstance: {fileID: 0}
  m_PrefabAsset: {fileID: 0}
  m_GameObject: {fileID: 0}
  m_Enabled: 1
  m_EditorHideFlags: 0
  m_Script: {fileID: 11500000, guid: 4423e81b85e03f14ca05d54bd7375d14, type: 3}
  m_Name: Message
  m_EditorClassIdentifier: 
  graph: {fileID: 11400000}
  position: {x: 104, y: -56}
  ports:
    keys:
    - input
    - output
    values:
    - _fieldName: input
      _node: {fileID: -3498829701924795984}
      _typeQualifiedName: DialogueBaseNode, Assembly-CSharp, Version=0.0.0.0, Culture=neutral,
        PublicKeyToken=null
      connections:
      - fieldName: pass
        node: {fileID: -8153978515064787644}
        reroutePoints: []
      - fieldName: output
        node: {fileID: -4612730628089873485}
        reroutePoints: []
      _direction: 0
      _connectionType: 0
      _typeConstraint: 0
      _dynamic: 0
    - _fieldName: output
      _node: {fileID: -3498829701924795984}
      _typeQualifiedName: DialogueBaseNode, Assembly-CSharp, Version=0.0.0.0, Culture=neutral,
        PublicKeyToken=null
      connections:
      - fieldName: input
        node: {fileID: 1640105731664445147}
        reroutePoints: []
      _direction: 1
      _connectionType: 1
      _typeConstraint: 0
      _dynamic: 0
  input: {fileID: 0}
  output: {fileID: 0}
  ActorName: Guard
  message: "\u041E\u0442\u043B\u0438\u0447\u043D\u044B\u0439 \u0431\u043E\u0439!
    \u0412\u043E\u0442 \u0442\u0432\u043E\u044F \u043D\u0430\u0433\u0440\u0430\u0434\u0430!"
  trans:
    translations: []
--- !u!114 &11400000
MonoBehaviour:
  m_ObjectHideFlags: 0
  m_CorrespondingSourceObject: {fileID: 0}
  m_PrefabInstance: {fileID: 0}
  m_PrefabAsset: {fileID: 0}
  m_GameObject: {fileID: 0}
  m_Enabled: 1
  m_EditorHideFlags: 0
  m_Script: {fileID: 11500000, guid: 821548796c1e5924c9aa395f4ac8f209, type: 3}
  m_Name: RewardDialogue
  m_EditorClassIdentifier: 
  nodes:
  - {fileID: 8695453492837756297}
  - {fileID: -3498829701924795984}
  - {fileID: 1640105731664445147}
  - {fileID: 3493841606268676512}
  - {fileID: -3565437542925207146}
  - {fileID: 3570399855427578709}
  - {fileID: 6659741813975157816}
  - {fileID: -8153978515064787644}
  - {fileID: -4993673950952149948}
  - {fileID: -4612730628089873485}
  - {fileID: 6723732098039778958}
--- !u!114 &1640105731664445147
MonoBehaviour:
  m_ObjectHideFlags: 0
  m_CorrespondingSourceObject: {fileID: 0}
  m_PrefabInstance: {fileID: 0}
  m_PrefabAsset: {fileID: 0}
  m_GameObject: {fileID: 0}
  m_Enabled: 1
  m_EditorHideFlags: 0
  m_Script: {fileID: 11500000, guid: 0d8d95b6fdc828d43a5d20bcd67468f0, type: 3}
  m_Name: Add Items
  m_EditorClassIdentifier: 
  graph: {fileID: 11400000}
  position: {x: 392, y: -56}
  ports:
    keys:
    - pass
    - fail
    - input
    - output
    values:
    - _fieldName: pass
      _node: {fileID: 1640105731664445147}
      _typeQualifiedName: DialogueBaseNode, Assembly-CSharp, Version=0.0.0.0, Culture=neutral,
        PublicKeyToken=null
      connections:
      - fieldName: input
        node: {fileID: -3565437542925207146}
        reroutePoints: []
      _direction: 1
      _connectionType: 0
      _typeConstraint: 0
      _dynamic: 0
    - _fieldName: fail
      _node: {fileID: 1640105731664445147}
      _typeQualifiedName: DialogueBaseNode, Assembly-CSharp, Version=0.0.0.0, Culture=neutral,
        PublicKeyToken=null
      connections:
      - fieldName: input
        node: {fileID: 3493841606268676512}
        reroutePoints: []
      _direction: 1
      _connectionType: 0
      _typeConstraint: 0
      _dynamic: 0
    - _fieldName: input
      _node: {fileID: 1640105731664445147}
      _typeQualifiedName: DialogueBaseNode, Assembly-CSharp, Version=0.0.0.0, Culture=neutral,
        PublicKeyToken=null
      connections:
      - fieldName: output
        node: {fileID: -3498829701924795984}
        reroutePoints: []
      _direction: 0
      _connectionType: 0
      _typeConstraint: 0
      _dynamic: 0
    - _fieldName: output
      _node: {fileID: 1640105731664445147}
      _typeQualifiedName: DialogueBaseNode, Assembly-CSharp, Version=0.0.0.0, Culture=neutral,
        PublicKeyToken=null
      connections: []
      _direction: 1
      _connectionType: 1
      _typeConstraint: 0
      _dynamic: 0
  input: {fileID: 0}
  output: {fileID: 0}
  pass: {fileID: 0}
  fail: {fileID: 0}
  itemsToAdd:
  - item: {fileID: 11400000, guid: 36522cbd274491241a4e42e504a70b52, type: 2}
    quantity: 3000
  AddIfPossible: 1
  ShowNotification: 1
--- !u!114 &3493841606268676512
MonoBehaviour:
  m_ObjectHideFlags: 0
  m_CorrespondingSourceObject: {fileID: 0}
  m_PrefabInstance: {fileID: 0}
  m_PrefabAsset: {fileID: 0}
  m_GameObject: {fileID: 0}
  m_Enabled: 1
  m_EditorHideFlags: 0
  m_Script: {fileID: 11500000, guid: 4423e81b85e03f14ca05d54bd7375d14, type: 3}
  m_Name: Message
  m_EditorClassIdentifier: 
  graph: {fileID: 11400000}
  position: {x: 648, y: 136}
  ports:
    keys:
    - input
    - output
    values:
    - _fieldName: input
      _node: {fileID: 3493841606268676512}
      _typeQualifiedName: DialogueBaseNode, Assembly-CSharp, Version=0.0.0.0, Culture=neutral,
        PublicKeyToken=null
      connections:
      - fieldName: fail
        node: {fileID: 1640105731664445147}
        reroutePoints: []
      _direction: 0
      _connectionType: 0
      _typeConstraint: 0
      _dynamic: 0
    - _fieldName: output
      _node: {fileID: 3493841606268676512}
      _typeQualifiedName: DialogueBaseNode, Assembly-CSharp, Version=0.0.0.0, Culture=neutral,
        PublicKeyToken=null
      connections:
      - fieldName: input
        node: {fileID: 6659741813975157816}
        reroutePoints: []
      _direction: 1
      _connectionType: 1
      _typeConstraint: 0
      _dynamic: 0
  input: {fileID: 0}
  output: {fileID: 0}
  ActorName: Guard
  message: "\u0425\u043C. \u041A\u0430\u0436\u0435\u0442\u0441\u044F \u0442\u0432\u043E\u0439
    \u0440\u044E\u043A\u0437\u0430\u043A \u0437\u0430\u043F\u043E\u043B\u043D\u0435\u043D. 
    \u041D\u043E \u043D\u0438\u0447\u0435\u0433\u043E. \u0422\u044B \u043C\u043E\u0436\u0435\u0448\u044C
    \u0432\u0435\u0440\u043D\u0443\u0442\u044C\u0441\u044F \u0432 \u043B\u044E\u0431\u043E\u0439
    \u043C\u043E\u043C\u0435\u043D\u0442. \u041D\u043E \u0442\u043E\u043B\u044C\u043A\u043E
    \u0441\u0435\u0433\u043E\u0434\u043D\u044F."
  trans:
    translations: []
--- !u!114 &3570399855427578709
MonoBehaviour:
  m_ObjectHideFlags: 0
  m_CorrespondingSourceObject: {fileID: 0}
  m_PrefabInstance: {fileID: 0}
  m_PrefabAsset: {fileID: 0}
  m_GameObject: {fileID: 0}
  m_Enabled: 1
  m_EditorHideFlags: 0
  m_Script: {fileID: 11500000, guid: bac3cad6ed12a98459e0cb9d701a5b8e, type: 3}
  m_Name: Story Marks
  m_EditorClassIdentifier: 
  graph: {fileID: 11400000}
  position: {x: 920, y: -88}
  ports:
    keys:
    - input
    - output
    values:
    - _fieldName: input
      _node: {fileID: 3570399855427578709}
      _typeQualifiedName: DialogueBaseNode, Assembly-CSharp, Version=0.0.0.0, Culture=neutral,
        PublicKeyToken=null
      connections:
      - fieldName: output
        node: {fileID: -3565437542925207146}
        reroutePoints: []
      _direction: 0
      _connectionType: 0
      _typeConstraint: 0
      _dynamic: 0
    - _fieldName: output
      _node: {fileID: 3570399855427578709}
      _typeQualifiedName: DialogueBaseNode, Assembly-CSharp, Version=0.0.0.0, Culture=neutral,
        PublicKeyToken=null
      connections: []
      _direction: 1
      _connectionType: 1
      _typeConstraint: 0
      _dynamic: 0
  input: {fileID: 0}
  output: {fileID: 0}
  MarksToAdd:
  - ReceiveDay1ArenaReward
  MarksToRemove: []
--- !u!114 &6659741813975157816
MonoBehaviour:
  m_ObjectHideFlags: 0
  m_CorrespondingSourceObject: {fileID: 0}
  m_PrefabInstance: {fileID: 0}
  m_PrefabAsset: {fileID: 0}
  m_GameObject: {fileID: 0}
  m_Enabled: 1
  m_EditorHideFlags: 0
  m_Script: {fileID: 11500000, guid: bac3cad6ed12a98459e0cb9d701a5b8e, type: 3}
  m_Name: Story Marks
  m_EditorClassIdentifier: 
  graph: {fileID: 11400000}
  position: {x: 936, y: 152}
  ports:
    keys:
    - input
    - output
    values:
    - _fieldName: input
      _node: {fileID: 6659741813975157816}
      _typeQualifiedName: DialogueBaseNode, Assembly-CSharp, Version=0.0.0.0, Culture=neutral,
        PublicKeyToken=null
      connections:
      - fieldName: output
        node: {fileID: 3493841606268676512}
        reroutePoints: []
      _direction: 0
      _connectionType: 0
      _typeConstraint: 0
      _dynamic: 0
    - _fieldName: output
      _node: {fileID: 6659741813975157816}
      _typeQualifiedName: DialogueBaseNode, Assembly-CSharp, Version=0.0.0.0, Culture=neutral,
        PublicKeyToken=null
      connections: []
      _direction: 1
      _connectionType: 1
      _typeConstraint: 0
      _dynamic: 0
  input: {fileID: 0}
  output: {fileID: 0}
  MarksToAdd:
  - FullForReward
  MarksToRemove: []
--- !u!114 &6723732098039778958
MonoBehaviour:
  m_ObjectHideFlags: 0
  m_CorrespondingSourceObject: {fileID: 0}
  m_PrefabInstance: {fileID: 0}
  m_PrefabAsset: {fileID: 0}
  m_GameObject: {fileID: 0}
  m_Enabled: 1
  m_EditorHideFlags: 0
  m_Script: {fileID: 11500000, guid: 4423e81b85e03f14ca05d54bd7375d14, type: 3}
  m_Name: Message
  m_EditorClassIdentifier: 
  graph: {fileID: 11400000}
  position: {x: 184, y: 232}
  ports:
    keys:
    - input
    - output
    values:
    - _fieldName: input
      _node: {fileID: 6723732098039778958}
      _typeQualifiedName: DialogueBaseNode, Assembly-CSharp, Version=0.0.0.0, Culture=neutral,
        PublicKeyToken=null
      connections:
      - fieldName: fail
        node: {fileID: -8153978515064787644}
        reroutePoints: []
      _direction: 0
      _connectionType: 0
      _typeConstraint: 0
      _dynamic: 0
    - _fieldName: output
      _node: {fileID: 6723732098039778958}
      _typeQualifiedName: DialogueBaseNode, Assembly-CSharp, Version=0.0.0.0, Culture=neutral,
        PublicKeyToken=null
      connections: []
      _direction: 1
      _connectionType: 1
      _typeConstraint: 0
      _dynamic: 0
  input: {fileID: 0}
  output: {fileID: 0}
  ActorName: Guard
  message: "\u0410 \u043D\u0443 \u0431\u0440\u044B\u0441\u044C \u043E\u0442\u0441\u044E\u0434\u0430!
    \u0411\u043E\u043B\u044C\u0448\u0435 \u0442\u044B \u043E\u0442 \u043C\u0435\u043D\u044F
    \u043D\u0438\u0447\u0435\u0433\u043E \u043D\u0435 \u043F\u043E\u043B\u0443\u0447\u0438\u0448\u044C!"
  trans:
    translations: []
--- !u!114 &8695453492837756297
MonoBehaviour:
  m_ObjectHideFlags: 0
  m_CorrespondingSourceObject: {fileID: 0}
  m_PrefabInstance: {fileID: 0}
  m_PrefabAsset: {fileID: 0}
  m_GameObject: {fileID: 0}
  m_Enabled: 1
  m_EditorHideFlags: 0
  m_Script: {fileID: 11500000, guid: 215c4e23576b2ad449ace7f3f2b02610, type: 3}
  m_Name: Initialize Actors
  m_EditorClassIdentifier: 
  graph: {fileID: 11400000}
  position: {x: -696, y: 72}
  ports:
    keys:
    - input
    - output
    values:
    - _fieldName: input
      _node: {fileID: 8695453492837756297}
      _typeQualifiedName: DialogueBaseNode, Assembly-CSharp, Version=0.0.0.0, Culture=neutral,
        PublicKeyToken=null
      connections: []
      _direction: 0
      _connectionType: 0
      _typeConstraint: 0
      _dynamic: 0
    - _fieldName: output
      _node: {fileID: 8695453492837756297}
      _typeQualifiedName: DialogueBaseNode, Assembly-CSharp, Version=0.0.0.0, Culture=neutral,
        PublicKeyToken=null
      connections:
      - fieldName: input
        node: {fileID: -4993673950952149948}
        reroutePoints: []
      _direction: 1
      _connectionType: 1
      _typeConstraint: 0
      _dynamic: 0
  input: {fileID: 0}
  output: {fileID: 0}
  initializableActors:
  - name: Guard
    avatar: {fileID: 21300000, guid: 59af00e0c2fdde84dbbda9011da8be09, type: 3}
    nameTrans:
      translations:
      - language: Russian
        translation: "\u041E\u0445\u0440\u0430\u043D\u043D\u0438\u043A"
