%YAML 1.1
%TAG !u! tag:unity3d.com,2011:
--- !u!1 &1033864473277617251
GameObject:
  m_ObjectHideFlags: 0
  m_CorrespondingSourceObject: {fileID: 0}
  m_PrefabInstance: {fileID: 0}
  m_PrefabAsset: {fileID: 0}
  serializedVersion: 6
  m_Component:
  - component: {fileID: 1033864473277617244}
  - component: {fileID: 1033864473277617250}
  - component: {fileID: 1033864473277617245}
  m_Layer: 14
  m_Name: SaveSoundFeedback
  m_TagString: Untagged
  m_Icon: {fileID: 0}
  m_NavMeshLayer: 0
  m_StaticEditorFlags: 0
  m_IsActive: 1
--- !u!4 &1033864473277617244
Transform:
  m_ObjectHideFlags: 0
  m_CorrespondingSourceObject: {fileID: 0}
  m_PrefabInstance: {fileID: 0}
  m_PrefabAsset: {fileID: 0}
  m_GameObject: {fileID: 1033864473277617251}
  m_LocalRotation: {x: 0, y: 0, z: 0, w: 1}
  m_LocalPosition: {x: 0, y: 0, z: 0}
  m_LocalScale: {x: 1, y: 1, z: 1}
  m_Children: []
  m_Father: {fileID: 7543305347784355406}
  m_RootOrder: 1
  m_LocalEulerAnglesHint: {x: 0, y: 0, z: 0}
--- !u!114 &1033864473277617250
MonoBehaviour:
  m_ObjectHideFlags: 0
  m_CorrespondingSourceObject: {fileID: 0}
  m_PrefabInstance: {fileID: 0}
  m_PrefabAsset: {fileID: 0}
  m_GameObject: {fileID: 1033864473277617251}
  m_Enabled: 1
  m_EditorHideFlags: 0
  m_Script: {fileID: 11500000, guid: 841b72de2996c5c40bfb394f3d0e0a98, type: 3}
  m_Name: 
  m_EditorClassIdentifier: 
  Feedbacks:
  - {fileID: 1033864473277617245}
  InitializationMode: 2
  SafeMode: 3
  Direction: 0
  AutoChangeDirectionOnEnd: 0
  AutoPlayOnStart: 0
  AutoPlayOnEnable: 0
  DurationMultiplier: 1
  DisplayFullDurationDetails: 0
  CooldownDuration: 0
  InitialDelay: 0
  FeedbacksIntensity: 1
  Events:
    TriggerMMFeedbacksEvents: 0
    TriggerUnityEvents: 1
    OnPlay:
      m_PersistentCalls:
        m_Calls: []
    OnPause:
      m_PersistentCalls:
        m_Calls: []
    OnResume:
      m_PersistentCalls:
        m_Calls: []
    OnRevert:
      m_PersistentCalls:
        m_Calls: []
    OnComplete:
      m_PersistentCalls:
        m_Calls: []
  DebugActive: 0
--- !u!114 &1033864473277617245
MonoBehaviour:
  m_ObjectHideFlags: 0
  m_CorrespondingSourceObject: {fileID: 0}
  m_PrefabInstance: {fileID: 0}
  m_PrefabAsset: {fileID: 0}
  m_GameObject: {fileID: 1033864473277617251}
  m_Enabled: 1
  m_EditorHideFlags: 0
  m_Script: {fileID: 11500000, guid: 89c8acfc07fee664da6ad222b6541a44, type: 3}
  m_Name: 
  m_EditorClassIdentifier: 
  Active: 1
  Label: MMSoundManager Sound
  Chance: 100
  Timing:
    TimescaleMode: 0
    InitialDelay: 0
    CooldownDuration: 0
    NumberOfRepeats: 0
    RepeatForever: 0
    DelayBetweenRepeats: 1
    MMFeedbacksDirectionCondition: 0
    PlayDirection: 0
    ConstantIntensity: 0
    UseIntensityInterval: 0
    IntensityIntervalMin: 0
    IntensityIntervalMax: 0
    Sequence: {fileID: 0}
    TrackID: 0
    Quantized: 0
    TargetBPM: 120
  DebugActive: 0
  Sfx: {fileID: 8300000, guid: 8af912f7e2096c3478a80f25666bd149, type: 3}
  RandomSfx: []
  TestButton: 0
  TestStopButton: 0
  MinVolume: 0.7
  MaxVolume: 0.7
  MinPitch: 1
  MaxPitch: 1
  MmSoundManagerTrack: 0
  ID: 0
  AudioGroup: {fileID: 0}
  RecycleAudioSource: {fileID: 0}
  Loop: 0
  Persistent: 0
  Fade: 0
  FadeInitialVolume: 0
  FadeDuration: 1
  FadeTween:
    MMTweenDefinitionType: 0
    MMTweenCurve: 9
    Curve:
      serializedVersion: 2
      m_Curve:
      - serializedVersion: 3
        time: 0
        value: 0
        inSlope: 0
        outSlope: 0
        tangentMode: 0
        weightedMode: 0
        inWeight: 0
        outWeight: 0
      - serializedVersion: 3
        time: 1
        value: 1
        inSlope: 0
        outSlope: 0
        tangentMode: 0
        weightedMode: 0
        inWeight: 0
        outWeight: 0
      m_PreInfinity: 2
      m_PostInfinity: 2
      m_RotationOrder: 4
  SoloSingleTrack: 0
  SoloAllTracks: 0
  AutoUnSoloOnEnd: 0
  PanStereo: 0
  SpatialBlend: 0
  BypassEffects: 0
  BypassListenerEffects: 0
  BypassReverbZones: 0
  Priority: 0
  ReverbZoneMix: 0
  DopplerLevel: 0
  Spread: 0
  RolloffMode: 0
  MinDistance: 0
  MaxDistance: 0
--- !u!1 &7543305346356856090
GameObject:
  m_ObjectHideFlags: 0
  m_CorrespondingSourceObject: {fileID: 0}
  m_PrefabInstance: {fileID: 0}
  m_PrefabAsset: {fileID: 0}
  serializedVersion: 6
  m_Component:
  - component: {fileID: 7543305346356856093}
  - component: {fileID: 7543305346356856095}
  - component: {fileID: 7543305346356856085}
  m_Layer: 8
  m_Name: Model
  m_TagString: Untagged
  m_Icon: {fileID: 0}
  m_NavMeshLayer: 0
  m_StaticEditorFlags: 8
  m_IsActive: 1
--- !u!4 &7543305346356856093
Transform:
  m_ObjectHideFlags: 0
  m_CorrespondingSourceObject: {fileID: 0}
  m_PrefabInstance: {fileID: 0}
  m_PrefabAsset: {fileID: 0}
  m_GameObject: {fileID: 7543305346356856090}
  m_LocalRotation: {x: 0, y: 0, z: 0, w: 1}
  m_LocalPosition: {x: 0, y: 0, z: 0}
  m_LocalScale: {x: 1, y: 1, z: 1}
  m_Children: []
  m_Father: {fileID: 7543305347784355406}
  m_RootOrder: 0
  m_LocalEulerAnglesHint: {x: 0, y: 0, z: 0}
--- !u!212 &7543305346356856095
SpriteRenderer:
  m_ObjectHideFlags: 0
  m_CorrespondingSourceObject: {fileID: 0}
  m_PrefabInstance: {fileID: 0}
  m_PrefabAsset: {fileID: 0}
  m_GameObject: {fileID: 7543305346356856090}
  m_Enabled: 1
  m_CastShadows: 0
  m_ReceiveShadows: 0
  m_DynamicOccludee: 1
  m_MotionVectors: 1
  m_LightProbeUsage: 1
  m_ReflectionProbeUsage: 1
  m_RayTracingMode: 0
  m_RenderingLayerMask: 1
  m_RendererPriority: 0
  m_Materials:
  - {fileID: 2100000, guid: 7b2b3c8c13049404191c114987b981fe, type: 2}
  m_StaticBatchInfo:
    firstSubMesh: 0
    subMeshCount: 0
  m_StaticBatchRoot: {fileID: 0}
  m_ProbeAnchor: {fileID: 0}
  m_LightProbeVolumeOverride: {fileID: 0}
  m_ScaleInLightmap: 1
  m_ReceiveGI: 1
  m_PreserveUVs: 0
  m_IgnoreNormalsForChartDetection: 0
  m_ImportantGI: 0
  m_StitchLightmapSeams: 1
  m_SelectedEditorRenderState: 0
  m_MinimumChartSize: 4
  m_AutoUVMaxDistance: 0.5
  m_AutoUVMaxAngle: 89
  m_LightmapParameters: {fileID: 0}
  m_SortingLayerID: 1603220759
  m_SortingLayer: 4
  m_SortingOrder: 0
  m_Sprite: {fileID: 21300000, guid: cc534dd7979e2304e97ca14515080029, type: 3}
  m_Color: {r: 1, g: 1, b: 1, a: 1}
  m_FlipX: 0
  m_FlipY: 0
  m_DrawMode: 0
  m_Size: {x: 2, y: 2}
  m_AdaptiveModeThreshold: 0.5
  m_SpriteTileMode: 0
  m_WasSpriteAssigned: 1
  m_MaskInteraction: 0
  m_SpriteSortPoint: 0
--- !u!61 &7543305346356856085
BoxCollider2D:
  m_ObjectHideFlags: 0
  m_CorrespondingSourceObject: {fileID: 0}
  m_PrefabInstance: {fileID: 0}
  m_PrefabAsset: {fileID: 0}
  m_GameObject: {fileID: 7543305346356856090}
  m_Enabled: 1
  m_Density: 1
  m_Material: {fileID: 0}
  m_IsTrigger: 0
  m_UsedByEffector: 0
  m_UsedByComposite: 0
  m_Offset: {x: 0, y: 0.25}
  m_SpriteTilingProperty:
    border: {x: 0, y: 0, z: 0, w: 0}
    pivot: {x: 0.5, y: 0.5}
    oldSize: {x: 2.3476562, y: 2.0234375}
    newSize: {x: 2, y: 2}
    adaptiveTilingThreshold: 0.5
    drawMode: 0
    adaptiveTiling: 0
  m_AutoTiling: 0
  serializedVersion: 2
  m_Size: {x: 2, y: 1.5}
  m_EdgeRadius: 0
--- !u!1 &7543305347784355407
GameObject:
  m_ObjectHideFlags: 0
  m_CorrespondingSourceObject: {fileID: 0}
  m_PrefabInstance: {fileID: 0}
  m_PrefabAsset: {fileID: 0}
  serializedVersion: 6
  m_Component:
  - component: {fileID: 7543305347784355406}
  - component: {fileID: 7543305347784355393}
  - component: {fileID: 7543305347784355400}
  - component: {fileID: 7543305347784355401}
  m_Layer: 14
  m_Name: SavePoint
  m_TagString: Untagged
  m_Icon: {fileID: 0}
  m_NavMeshLayer: 0
  m_StaticEditorFlags: 8
  m_IsActive: 1
--- !u!4 &7543305347784355406
Transform:
  m_ObjectHideFlags: 0
  m_CorrespondingSourceObject: {fileID: 0}
  m_PrefabInstance: {fileID: 0}
  m_PrefabAsset: {fileID: 0}
  m_GameObject: {fileID: 7543305347784355407}
  m_LocalRotation: {x: 0, y: 0, z: 0, w: 1}
  m_LocalPosition: {x: -93.200264, y: -15.232995, z: 0}
  m_LocalScale: {x: 2, y: 2, z: 1}
  m_Children:
  - {fileID: 7543305346356856093}
  - {fileID: 1033864473277617244}
  m_Father: {fileID: 0}
  m_RootOrder: 0
  m_LocalEulerAnglesHint: {x: 0, y: 0, z: 0}
--- !u!114 &7543305347784355393
MonoBehaviour:
  m_ObjectHideFlags: 0
  m_CorrespondingSourceObject: {fileID: 0}
  m_PrefabInstance: {fileID: 0}
  m_PrefabAsset: {fileID: 0}
  m_GameObject: {fileID: 7543305347784355407}
  m_Enabled: 1
  m_EditorHideFlags: 0
  m_Script: {fileID: 11500000, guid: aad0219ba3e603343a2a4c498e2dae4c, type: 3}
  m_Name: 
  m_EditorClassIdentifier: 
  ButtonActivatedRequirement: 2
  RequiresPlayerType: 1
  RequiresButtonActivationAbility: 1
  Activable: 1
  AutoActivation: 0
  AutoActivationDelay: 0
  AutoActivationDelayResetsOnExit: 1
  CanOnlyActivateIfGrounded: 0
  ShouldUpdateState: 1
  OnlyOneActivationAtOnce: 1
  UnlimitedActivations: 1
  MaxNumberOfActivations: 0
  DelayBetweenUses: 0
  DisableAfterUse: 0
  InputType: 0
  InputButton: Interact
  InputKey: 32
  AnimationTriggerParameterName: 
  UseVisualPrompt: 1
  ButtonPromptPrefab: {fileID: 114767332097364426, guid: bb1fc0f1f16f31248b9b4d80aa795609,
    type: 3}
  ButtonPromptText: A
  ButtonPromptColor: {r: 0.4862745, g: 0.9882353, b: 0, a: 1}
  ButtonPromptTextColor: {r: 1, g: 1, b: 1, a: 1}
  AlwaysShowPrompt: 0
  ShowPromptWhenColliding: 1
  HidePromptAfterUse: 0
  PromptRelativePosition: {x: 0, y: 0, z: 0}
  PromptRotation: {x: 0, y: 0, z: 0}
  ActivationFeedback: {fileID: 1033864473277617250}
  DeniedFeedback: {fileID: 0}
  EnterFeedback: {fileID: 0}
  ExitFeedback: {fileID: 0}
  OnActivation:
    m_PersistentCalls:
      m_Calls:
      - m_Target: {fileID: 7543305347784355401}
        m_MethodName: AutoSave
        m_Mode: 1
        m_Arguments:
          m_ObjectArgument: {fileID: 0}
          m_ObjectArgumentAssemblyTypeName: UnityEngine.Object, UnityEngine
          m_IntArgument: 0
          m_FloatArgument: 0
          m_StringArgument: 
          m_BoolArgument: 0
        m_CallState: 2
  OnExit:
    m_PersistentCalls:
      m_Calls: []
  OnStay:
    m_PersistentCalls:
      m_Calls: []
  RequiresKey: 0
  KeyID: 
  KeyAction:
    m_PersistentCalls:
      m_Calls: []
--- !u!61 &7543305347784355400
BoxCollider2D:
  m_ObjectHideFlags: 0
  m_CorrespondingSourceObject: {fileID: 0}
  m_PrefabInstance: {fileID: 0}
  m_PrefabAsset: {fileID: 0}
  m_GameObject: {fileID: 7543305347784355407}
  m_Enabled: 1
  m_Density: 1
  m_Material: {fileID: 0}
  m_IsTrigger: 1
  m_UsedByEffector: 0
  m_UsedByComposite: 0
  m_Offset: {x: 0, y: 0}
  m_SpriteTilingProperty:
    border: {x: 0, y: 0, z: 0, w: 0}
    pivot: {x: 0, y: 0}
    oldSize: {x: 0, y: 0}
    newSize: {x: 0, y: 0}
    adaptiveTilingThreshold: 0
    drawMode: 0
    adaptiveTiling: 0
  m_AutoTiling: 0
  serializedVersion: 2
  m_Size: {x: 3, y: 3}
  m_EdgeRadius: 0
--- !u!114 &7543305347784355401
MonoBehaviour:
  m_ObjectHideFlags: 0
  m_CorrespondingSourceObject: {fileID: 0}
  m_PrefabInstance: {fileID: 0}
  m_PrefabAsset: {fileID: 0}
  m_GameObject: {fileID: 7543305347784355407}
  m_Enabled: 1
  m_EditorHideFlags: 0
  m_Script: {fileID: 11500000, guid: 02a15cc7265cd1045b50b78f4497db93, type: 3}
  m_Name: 
  m_EditorClassIdentifier: 
